@article{Kermack1927,
  author          = {Kermack, W. O. AND McKendrick, A. G.},
  journal         = {The Royal Society},
  number          = {772},
  title           = {A Contribution to the Mathematical Theory of Epidemics},
  volume          = {115},
  year            = {1927}
}

@article{Gubler1995,
  author          = {Gubler, J., Duane AND Clark, G., Gary },
  journal         = {Dispatches},
  number          = {2},
  title           = {Dengue/Dengue Hemorrhagic Fever:
The Emergence of a Global Health Problem},
  volume          = {1},
  year            = {1995}
}

@article{Newman2003,
  author          = {Newman, M. E. J.},
  journal         = {},
  number          = {},
  title           = {The structure and function of complex networks},
  volume          = {},
  year            = {2003}
}

@article{Eubank2004,
  author          = {Eubank, S. AND Guclu, H. AND Anil Kumar, V. AND et al.},
  journal         = {Nature 429},
  number          = {},
  title           = {Modelling disease outbreaks in realistic urban social networks},
  volume          = {180-184},
  year            = {2004}
}

@article{Macal2010,
  author          = {Macal, C. AND North, M. },
  journal         = {J Simulation 4},
  number          = {},
  title           = {Tutorial on agent-based modelling and simulation},
  volume          = {151–162},
  year            = {2010}
}

@article{Bissett2021,
  author          = {Bissett, K.R. AND Cadena, J. AND Khan, M. AND et al},
  journal         = {J Indian Inst Sci 101},
  number          = {},
  title           = {Agent-Based Computational Epidemiological Modeling},
  volume          = {303–327},
  year            = {2021}
}

@article{Bart1986,
  author          = {Kosko, Bart},
  journal         = {Int. J. Man-Machine Studies},
  number          = {},
  title           = {Fuzzy cognitive maps},
  volume          = {24},
  year            = {1986}
}

@article{Nachazel2021,
  author          = {Nachazel, Tomas},
  journal         = {Genetic Programming and Evolvable Machines},
  number          = {1},
  title           = {Fuzzy cognitive maps for decision-making in dynamic environments},
  volume          = {22},
  year            = {2021}
}

@article{Bagni2002,
  author          = {Bagni, R. AND Berchi, R. AND Cariello, P.},
  journal         = {J Artif Soc Social Simul},
  number          = {3},
  title           = {A comparison of simulation models applied to epidemics},
  volume          = {5},
  year            = {2002}
}

@article{Jennings2000,
  author          = {Jennings, R, Nicholas},
  journal         = {Artificial Intelligence},
  number          = {},
  title           = {On agent-based software engineering},
  volume          = {117},
  year            = {2000}
}

@article{Poczeta2020,
  author          = {Poczeta, Katarzyna AND Papageorgiou, E.I. AND Gerogiannis, V.C.},
  journal         = {Mathematics},
  number          = {11},
  title           = {Fuzzy Cognitive Maps Optimization for Decision Making and Prediction},
  volume          = {8},
  year            = {2020}
}